@article{Muis2016,
  Abstract={-},
  Author={Sanne Muis and Martin Verlaan and Hessel C.\ Winsemius and Jeroen C.J.H.\ Aerts,
    Philip J.\ Ward},
  Doi={10.1038/ncomms11969},
  Journal={Nature Communications, Articles},
  Title={A global reanalysis of storm surges and extreme sea levels},
  Url={https://www.nature.com/articles/ncomms11969},
  Volume={7},
  Year={2016}
}

@book{Greene2000,
  author={Greene, W. H.},
  title={Econometric analysis},
  year={2000},
  publisher={Upper Saddle River, New Jersey, Prentice Hall}
}

