@Report{Hijma2018,
  author    = {Hijma, M.P. and Kooi, H.},
  title     = {Bodemdaling in het kustfundament en de getijdenbekkens},
  pages     = {63},
  publisher = {Deltares report 11200538-008-ZKS-0001},
  year      = {2018},
}

@Report{Hijma2018a,
  author    = {Hijma, M.P. and Kooi, H.},
  title     = {Bodemdaling in het kustfundament en de getijdenbekkens (deel 2) - Een update, case IJmuiden en kwantificering onzekerheden},
  publisher = {Deltares report 11202190-001-ZKS-0001_v1.0},
  year      = {2018},
}

@Article{Hijma2019,
  author  = {Hijma, Marc P and Cohen, Kim M},
  title   = {Holocene sea-level database for the Rhine-Meuse Delta, The Netherlands: Implications for the pre-8.2 ka sea-level jump},
  doi     = {doi.org/10.1016/j.quascirev.2019.05.001},
  pages   = {68-86},
  volume  = {214},
  isbn    = {0277-3791},
  journal = {Quaternary Science Reviews},
  year    = {2019},
}

@Report{Hijma2019a,
  author    = {Hijma, M.P. and Van Onselen, E.},
  title     = {Bodemdalingsmonitor 2019 - Kustfundament en de getijdenbekkens},
  pages     = {32},
  publisher = {Deltares report 11203683-002-ZKS-0017},
  year      = {2019},
}

@Report{Hijma2020,
  author    = {Hijma, M.P. and Van Onselen, E.},
  title     = {Bodemdalingsmonitor 2020 - Kustfundament en de getijdenbekkens - Vergelijk met GNSS-data},
  pages     = {29},
  publisher = {Deltares report 11205236-002-ZKS-0004},
  year      = {2020},
}

@Report{Hijma2021,
  author    = {Hijma, M.P.},
  title     = {Bodemdalingsmonitor 2021 - Kustfundament en de getijdenbekkens - Actualisatie bodemdalingsvolumes},
  pages     = {29},
  publisher = {Deltares report 11206794-003-ZKS-0002},
  year      = {2021},
}

@Report{Hijma2022,
  author    = {Hijma, M.P.},
  title     = {Bodemdalingsmonitor 2022 - Kustfundament en de getijdenbekkens - Overzicht onderzoek 2018-2021},
  pages     = {25},
  publisher = {Deltares report 11208035-003-ZKS-0003},
  year      = {2022},
}

@Comment{jabref-meta: databaseType:biblatex;}
