@article{wunsch1997,
  title={Atmospheric loading and the oceanic “inverted barometer” effect},
  author={Wunsch, Carl and Stammer, Detlef},
  journal={Reviews of Geophysics},
  volume={35},
  number={1},
  pages={79--107},
  year={1997},
  publisher={Wiley Online Library}
}

@article{woodworth201,
  title={Forcing factors affecting sea level changes at the coast},
  author={Woodworth, Philip L and Melet, Ang{\'e}lique and Marcos, Marta and Ray, Richard D and W{\"o}ppelmann, Guy and Sasaki, Yoshi N and Cirano, Mauro and Hibbert, Angela and Huthnance, John M and Monserrat, Sebasti{\`a} and others},
  journal={Surveys in Geophysics},
  volume={40},
  number={6},
  pages={1351--1397},
  year={2019},
  publisher={Springer}
}

@article{hugonnet2021,
  title={Accelerated global glacier mass loss in the early twenty-first century},
  author={Hugonnet, Romain and McNabb, Robert and Berthier, Etienne and Menounos, Brian and Nuth, Christopher and Girod, Luc and Farinotti, Daniel and Huss, Matthias and Dussaillant, Ines and Brun, Fanny and others},
  journal={Nature},
  volume={592},
  number={7856},
  pages={726--731},
  year={2021},
  publisher={Nature Publishing Group}
}

@article{tapley2019,
  title={Contributions of GRACE to understanding climate change},
  author={Tapley, Byron D and Watkins, Michael M and Flechtner, Frank and Reigber, Christoph and Bettadpur, Srinivas and Rodell, Matthew and Sasgen, Ingo and Famiglietti, James S and Landerer, Felix W and Chambers, Don P and others},
  journal={Nature climate change},
  volume={9},
  number={5},
  pages={358--369},
  year={2019},
  publisher={Nature Publishing Group}
}

@inbook{vaughan2013, 
  place={Cambridge, United Kingdom and New York, NY, US},
  title={Observations: Cryosphere}, 
  DOI={10.1017/CBO9781107415324.012}, 
  booktitle={Climate Change 2013 – The Physical Science Basis: Working Group I Contribution to the Fifth Assessment Report of the Intergovernmental Panel on Climate Change}, 
  publisher={Cambridge University Press},
  author={Vaughan, D.G. and J.C. Comiso and I. Allison and J. Carrasco and G. Kaser and R. Kwok and P. Mote and T. Murray and F. Paul and J. Ren and E. Rignot and O. Solomina and K. Steffen and T. Zhang}, 
  editor={Stocker, T.F. and D. Qin and G.-K. Plattner and M. Tignor and S.K. Allen and J. Boschung and A. Nauels and Y. Xia and V. Bex and P.M. Midgley },
  year={2013}, 
  pages={317–382}
  }
  
@article{ciraci2020continuity,
  title={Continuity of the mass loss of the world's glaciers and ice caps from the GRACE and GRACE Follow-On missions},
  author={Cirac{\`\i}, E and Velicogna, I and Swenson, S},
  journal={Geophysical Research Letters},
  volume={47},
  number={9},
  pages={e2019GL086926},
  year={2020},
  publisher={Wiley Online Library}
}


@inbook{vaughan2013, 
  place={Cambridge, United Kingdom and New York, NY, US},
  title={Ocean, Cryosphere and Sea Level Change}, 
  DOI={10.1017/9781009157896.0}, 
  booktitle={Climate Change 2021: The Physical Science Basis. Contribution of Working Group I to the Sixth Assessment Report of the Intergovernmental Panel on Climate Change}, 
  publisher={Cambridge University Press},
  author={Fox-Kemper, B., H.T. Hewitt, C. Xiao, G. Aðalgeirsdóttir, S.S. Drijfhout, T.L. Edwards, N.R. Golledge, M. Hemer, R.E. Kopp, G. Krinner, A. Mix, D. Notz, S. Nowicki, I.S. Nurhati, L. Ruiz, J.-B. Sallée, A.B.A. Slangen, and Y. Yu,}, 
  editor={Masson-Delmotte, V., P.Zhai, A. Pirani, S.L. Connors, C. Péan, S. Berger, N. Caud, Y. Chen, L. Goldfarb, M.I. Gomis, M. Huang, K. Leitzell, E.Lonnoy, J.B.R. Matthews, T.K. Maycock, T. Waterfield, O. Yelekçi, R. Yu, and B. Zhou},
  doi={},
  year={2021}, 
  pages={317–382}
  }

@article{cazenave2022,
  title={Contemporary sea-level changes from global to local scales: a review},
  author={Cazenave, Anny and Moreira, Lorena},
  journal={Proceedings of the Royal Society A},
  volume={478},
  number={2261},
  pages={20220049},
  year={2022},
  publisher={The Royal Society}
}

@article{gregory2019,
  title={Concepts and terminology for sea level: Mean, variability and change, both local and global},
  author={Gregory, Jonathan M and Griffies, Stephen M and Hughes, Chris W and Lowe, Jason A and Church, John A and Fukimori, Ichiro and Gomez, Natalya and Kopp, Robert E and Landerer, Felix and Cozannet, Gon{\'e}ri Le and others},
  journal={Surveys in Geophysics},
  volume={40},
  number={6},
  pages={1251--1289},
  year={2019},
  publisher={Springer}
}

@article{beckley2017,
  title={On the “Cal-Mode” correction to TOPEX satellite altimetry and its effect on the global mean sea level time series},
  author={Beckley, Brian D and Callahan, Philip S and Hancock Iii, DW and Mitchum, GT and Ray, RD},
  journal={Journal of Geophysical Research: Oceans},
  volume={122},
  number={11},
  pages={8371--8384},
  year={2017},
  publisher={Wiley Online Library}
}
