@incollection{Church2013,
address = {Cambridge},
author = {Church, J.A. and Clark, P.U. and Cazenave, A. and Gregory, J.M. and Jevrejeva, S. and Levermann, A. and Merrifield, M.A. and Milne, G.A. and Nere, R.S. and M, P.D. Nunn and Payne, A.J. and Pfeffer, W.T. and Stammer, D. and Unnikrishnan, A.S.},
booktitle = {Climate Change 2013: The Physical Science Basis. Contribution. Contribution of Working Group I to the Fifth Assessment Report of the Intergovernmental Panel on Climate Change},
chapter = {13},
editor = {[Stocker, T.F. and Qin, D. and Plattner, G.-K. and Tignor, M. and Allen, S.K. and Boschung, J. and Nauels, A. and Xia, Y. and Bex, V. and Midgley, P.M.},
file = {:C$\backslash$:/Users/stolte/OneDrive - Stichting Deltares/Documents/Information/Literatuur/INBOX/WG1AR5{\_}Chapter13{\_}FINAL.pdf:pdf},
keywords = {sealevel,zeespiegel},
mendeley-tags = {sealevel,zeespiegel},
pages = {1137 1215},
publisher = {Cambridge University Press},
title = {{Sea Level Change}},
url = {https://www.ipcc.ch/site/assets/uploads/2018/02/WG1AR5{\_}Chapter13{\_}FINAL.pdf},
year = {2013}
}
@misc{Muis2022,
author = {Muis, Sanne and Apecechea, Maialen Irazoqui and {\'{A}}lvarez, Jos{\'{e}} Antonio and Verlaan, Martin and Yan, Kun and Dullaart, Job and Aerts, Jeroen and Duong, Trang and Ranasinghe, Rosh and le Bars, Dewi and Haarsma, Rein and Roberts, Malcolm},
keywords = {sealevel,zeespiegel},
mendeley-tags = {sealevel,zeespiegel},
publisher = {Copernicus Climate Change Service (C3S) Climate Data Store (CDS)},
title = {{Global sea level change time series from 1950 to 2050 derived from reanalysis and high resolution CMIP6 climate projections.}},
year = {2022}
}
@article{Muis2020,
abstract = {The world's coastal areas are increasingly at risk of coastal flooding due to sea-level rise (SLR). We present a novel global dataset of extreme sea levels, the Coastal Dataset for the Evaluation of Climate Impact (CoDEC), which can be used to accurately map the impact of climate change on coastal regions around the world. The third generation Global Tide and Surge Model (GTSM), with a coastal resolution of 2.5 km (1.25 km in Europe), was used to simulate extreme sea levels for the ERA5 climate reanalysis from 1979 to 2017, as well as for future climate scenarios from 2040 to 2100. The validation against observed sea levels demonstrated a good performance, and the annual maxima had a mean bias (MB) of -0.04 m, which is 50{\%} lower than the MB of the previous GTSR dataset. By the end of the century (2071–2100), it is projected that the 1 in 10-year water levels will have increased 0.34 m on average for RCP4.5, while some locations may experience increases of up to 0.5 m. The change in return levels is largely driven by SLR, although at some locations changes in storms surges and interaction with tides amplify the impact of SLR with changes up to 0.2 m. By presenting an application of the CoDEC dataset to the city of Copenhagen, we demonstrate how climate impact indicators derived from simulation can contribute to an understanding of climate impact on a local scale. Moreover, the CoDEC output locations are designed to be used as boundary conditions for regional models, and we envisage that they will be used for dynamic downscaling.},
author = {Muis, Sanne and Apecechea, Maialen Irazoqui and Dullaart, Job and {de Lima Rego}, Joao and Madsen, Kristine Skovgaard and Su, Jian and Yan, Kun and Verlaan, Martin},
doi = {10.3389/fmars.2020.00263},
file = {:C$\backslash$:/Users/stolte/OneDrive - Stichting Deltares/Documents/Information/Literatuur/INBOX/fmars-07-00263.pdf:pdf},
issn = {22967745},
journal = {Frontiers in Marine Science},
keywords = {climate change,coastal flooding,extreme sea levels,global model,sea-level rise,sealevel,zeespiegel},
mendeley-tags = {sealevel,zeespiegel},
number = {April},
pages = {1--15},
title = {{A High-Resolution Global Dataset of Extreme Sea Levels, Tides, and Storm Surges, Including Future Projections}},
volume = {7},
year = {2020}
}
@unpublished{IOC2020,
address = {Paris},
author = {UNESCO/IOC},
file = {:C$\backslash$:/Users/stolte/OneDrive - Stichting Deltares/Documents/Information/Literatuur/INBOX/373566eng.pdf:pdf},
institution = {UNESCO},
keywords = {sealevel,zeespiegel},
mendeley-tags = {sealevel,zeespiegel},
pages = {71},
series = {IOC Manuals and Guides.},
title = {{Quality control of in situ sea level observations. A review and progress towards automated quality control.}},
url = {https://unesdoc.unesco.org/ark:/48223/pf0000373566},
volume = {I},
year = {2020}
}
@techreport{Mulder2000,
author = {Mulder, J.P.M.},
file = {:C$\backslash$:/Users/stolte/OneDrive - Stichting Deltares/Documents/Information/Literatuur/INBOX/242563.pdf:pdf},
institution = {Rijksinstituut voor Kust en Zee/RIKZ},
keywords = {Zeespieelmonitor,sealevel,zeespiegel},
mendeley-tags = {Zeespieelmonitor,sealevel,zeespiegel},
pages = {55},
title = {{Zandverliezen in het Nederlandse kustsysteem Advies voor Dynamisch Handhaven in de 21e eeuw}},
year = {2000}
}
@unpublished{Baart2021,
author = {Baart, Fedor and {Le Bars}, Dewi and van den Hurk, Bart J. J. M.},
file = {:C$\backslash$:/Users/stolte/OneDrive - Stichting Deltares/Documents/Information/Literatuur/INBOX/11205238{\_}000{\_}0002.pdf:pdf},
institution = {Deltares, KNMI},
keywords = {sealevel,zeespiegel},
mendeley-tags = {sealevel,zeespiegel},
pages = {11},
title = {{Methode voor visualisatie van tijdreeksen en scenario's voor zeespiegelstijging – concept versie voor discussie}},
url = {https://kennisbank.deltares.nl/Details/fullCatalogue/1000020941},
year = {2021}
}
@techreport{Nicolai2020a,
address = {Lelystad},
author = {Nicolai, Robin and Verkaik, Job},
file = {:C$\backslash$:/Users/stolte/OneDrive - Stichting Deltares/Documents/Information/Literatuur/INBOX/advieskenmerkndewaardenkust.pdf:pdf},
institution = {HKV, Deltares},
keywords = {sealevel,zeespiegel},
mendeley-tags = {sealevel,zeespiegel},
pages = {36},
title = {{Advies kenmerkende waarden kust. Overzicht zeespiegelindicatoren.}},
url = {https://kennisbank.deltares.nl/Details/fullCatalogue/70785},
year = {2020}
}
@unpublished{Toom2017,
address = {Delft},
author = {den Toom, Matthijs},
booktitle = {Zeespiegelmonitor},
file = {:C$\backslash$:/Users/stolte/OneDrive - Stichting Deltares/Documents/Information/Literatuur/INBOX/scenarios.pdf:pdf},
institution = {Deltares},
keywords = {sealevel,zeespiegel},
mendeley-tags = {sealevel,zeespiegel},
pages = {8--8},
title = {{Reproduceerbaarheid zeespiegelprojecties}},
url = {https://pub.kennisbank.deltares.nl/Details/fullCatalogue/1000020847},
year = {2017}
}
@unpublished{Nicolai2017,
address = {Lelystad},
author = {Nicolai, Robin and Rongen, Guus},
file = {:C$\backslash$:/Users/stolte/OneDrive - Stichting Deltares/Documents/Information/Literatuur/INBOX/gtsm.pdf:pdf},
institution = {HKV},
keywords = {sealevel,zeespiegel},
mendeley-tags = {sealevel,zeespiegel},
number = {november},
pages = {1--5},
title = {{Zeespiegelmonitor: regionale verschillen in zeespiegelstijging}},
year = {2017}
}
@techreport{Honingh2021,
address = {Lelystad},
author = {Honingh, D and Leenders, J and Strijker, B},
file = {:C$\backslash$:/Users/stolte/OneDrive - Stichting Deltares/Documents/Information/Literatuur/INBOX/Werkwijze inmeten zeespiegelstand hoofdgetijdenstations {\_} huidige werkwijze en advies voor ver....pdf:pdf},
institution = {HKV},
keywords = {sealevel,zeespiegel},
mendeley-tags = {sealevel,zeespiegel},
pages = {47},
title = {{Werkwijze inmeten zeespiegelstand hoofdgetijdenstations}},
year = {2021}
}
@techreport{Nicolai2016,
address = {Lelystad, Delft},
author = {Nicolai, Robin and Rongen, Guus and Baart, Fedor},
file = {:C$\backslash$:/repos{\_}checkouts/sealevelreport/2018/appendices/eenduidig.pdf:pdf},
institution = {Deltares, HKV},
keywords = {sealevel,zeespiegel},
mendeley-tags = {sealevel,zeespiegel},
number = {december},
title = {{Zeespiegelmonitor. Eenduidige indicatoren.}},
year = {2016}
}
@unpublished{Baart2016,
address = {Delft},
author = {Baart, Fedor},
booktitle = {Zeespiegelmonitor},
file = {:C$\backslash$:/Users/stolte/OneDrive - Stichting Deltares/Documents/Information/Literatuur/INBOX/metingen.pdf:pdf},
institution = {Deltares},
keywords = {sealevel,zeespiegel},
mendeley-tags = {sealevel,zeespiegel},
pages = {7},
title = {{Reproduceerbaarheid zeespiegelmetingen}},
url = {https://pub.kennisbank.deltares.nl/Details/fullCatalogue/1000020846},
year = {2016}
}
@unpublished{Gelder2017,
address = {Delft},
author = {Gelder, Pieter Van},
file = {:C$\backslash$:/Users/stolte/OneDrive - Stichting Deltares/Documents/Information/Literatuur/INBOX/statistisch.pdf:pdf},
institution = {TU Delft},
keywords = {sealevel,zeespiegel},
mendeley-tags = {sealevel,zeespiegel},
pages = {7},
title = {{Reproduceerbaarheid van statistische modellen voor zeespiegelprojecties.}},
year = {2017}
}
@techreport{Nicolai2020,
address = {Lelystad},
author = {Nicolai, Robin and Verkaik, Job},
file = {:C$\backslash$:/Users/stolte/OneDrive - Stichting Deltares/Documents/Information/Literatuur/INBOX/advieskenmerkndewaardenkust.pdf:pdf},
institution = {HKV, Deltares},
keywords = {sealevel,zeespiegel},
mendeley-tags = {sealevel,zeespiegel},
pages = {36},
title = {{Advies kenmerkende waarden kust. Overzicht zeespiegelindicatoren.}},
year = {2020}
}
@unpublished{Deltaprogramma20192018,
author = {{Deltaprogramma 2019}},
booktitle = {Deltaprogramma},
file = {:C$\backslash$:/Users/stolte/OneDrive - Stichting Deltares/Documents/Information/Literatuur/INBOX/DP2019+A+Systematiek+Meten+Weten+Handelen.pdf:pdf},
institution = {Ministerie van Infrastructuur en Waterstaat Ministerie van Landbouw, Natuur en Voedselkwaliteit Ministerie van Binnenlandse Zaken en Koninkrijksrelaties},
keywords = {sealevel,zeespiegel},
mendeley-tags = {sealevel,zeespiegel},
number = {Achtergronddocument A},
series = {achtergronddocument A},
title = {{Systematiek Meten, Weten, Handelen - Hoofdlijnen aanpak eerste zesjaarlijkse herijking}},
url = {www.rijksoverheid.nl/deltaprogramma},
year = {2018}
}
@article{Baart2014a,
author = {Baart, Fedor and Leander, Robert and de Ronde, John and de Vries, Hylke and Vuik, Vincent and Nicolai, Robin},
file = {:C$\backslash$:/Users/stolte/OneDrive - Stichting Deltares/Documents/Information/Literatuur/INBOX/1209426{\_}202.pdf:pdf},
keywords = {sealevel,zeespiegel},
mendeley-tags = {sealevel,zeespiegel},
number = {1209426.202},
pages = {44},
title = {{Zeespiegelmonitor 2014}},
year = {2014}
}
@unpublished{Baart2020,
address = {Delft},
author = {Baart, Fedor and Donchyts, Gennadii},
file = {:C$\backslash$:/Users/stolte/OneDrive - Stichting Deltares/Documents/Information/Literatuur/INBOX/11205238{\_}000{\_}0001.pdf:pdf},
institution = {Deltares},
keywords = {sealevel,zeespiegel},
mendeley-tags = {sealevel,zeespiegel},
number = {november},
title = {{Visualizing changes of the Antarctic Ice Sheet}},
url = {https://pub.kennisbank.deltares.nl/Details/fullCatalogue/1000020844},
year = {2020}
}
@article{Dillingh2012,
author = {Dillingh, Douwe and Baart, Fedor and de Ronde, John},
file = {:C$\backslash$:/Users/stolte/OneDrive - Stichting Deltares/Documents/Information/Literatuur/INBOX/is{\_}er{\_}al{\_}een{\_}versnelde{\_}zeespiegelstijging-hydrotheek{\_}(stowa){\_}339024.pdf:pdf},
journal = {H 2 O},
keywords = {sealevel,zeespiegel},
mendeley-tags = {sealevel,zeespiegel},
number = {14},
pages = {37},
title = {{Is er al versnelde zeespiegelstijging?}},
volume = {45},
year = {2012}
}
@techreport{Oerlemans2022a,
address = {Lelystad},
author = {Oerlemans, C and Botterhuis, T and Nicolai, R. and Baart, F.},
file = {:C$\backslash$:/Users/stolte/OneDrive - Stichting Deltares/Documents/Information/Literatuur/INBOX/11206797{\_}000.pdf:pdf},
institution = {HKV; Deltares},
keywords = {sealevel,zeespiegel},
mendeley-tags = {sealevel,zeespiegel},
pages = {49},
title = {{Zeespiegelstijging in ontwerpnormen stormvloedkeringen. Inventarisatie van zeespiegelstijging in ontwerpnormen van de Oosterscheldekering en de Maeslantkering.}},
url = {https://kennisbank.deltares.nl/Details/fullCatalogue/1000020898},
year = {2022}
}
@article{Baart2012,
author = {Baart, Fedor and Gelder, Pieter H A J M Van and Ronde, John De and Koningsveld, Mark Van},
doi = {10.2112/JCOASTRES-D-11-00169.1},
file = {:C$\backslash$:/Users/stolte/AppData/Local/Mendeley Ltd./Mendeley Desktop/Downloaded/Baart et al. - 2012 - The Effect of the 18 . 6-Year Lunar Nodal Cycle on Regional Sea-Level Rise Estimates The Effect of the 18 . 6-Year.pdf:pdf},
keywords = {sealevel,zeespiegel},
mendeley-tags = {sealevel,zeespiegel},
number = {2},
pages = {511--516},
title = {{The Effect of the 18 . 6-Year Lunar Nodal Cycle on Regional Sea-Level Rise Estimates}},
volume = {28},
year = {2012}
}
@techreport{Oerlemans2022,
address = {Lelystad},
author = {Oerlemans, C and Botterhuis, T and Nicolai, R. and Baart, F.},
file = {:C$\backslash$:/Users/stolte/OneDrive - Stichting Deltares/Documents/Information/Literatuur/INBOX/11206797{\_}000.pdf:pdf},
institution = {HKV; Deltares},
keywords = {sealevel,zeespiegel},
mendeley-tags = {sealevel,zeespiegel},
pages = {49},
title = {{Zeespiegelstijging in ontwerpnormen stormvloedkeringen. Inventarisatie van zeespiegelstijging in ontwerpnormen van de Oosterscheldekering en de Maeslantkering.}},
url = {https://kennisbank.deltares.nl/Details/fullCatalogue/1000020898},
year = {2022}
}
@article{Steffelbauer,
author = {Steffelbauer, David B and Riva, Riccardo E M and Timmermans, Jos S and Kwakkel, Jan H and Bakker, Mark},
file = {:C$\backslash$:/Users/stolte/OneDrive - Stichting Deltares/Documents/Information/Literatuur/INBOX/Steffelbauer{\_}2022{\_}Environ.{\_}Res.{\_}Lett.{\_}17{\_}074002.pdf:pdf},
keywords = {article is available online,breakpoint detection,regional acceleration,sea-level rise,sealevel,supplementary material for this,timely adaptation,zeespiegel},
mendeley-tags = {sealevel,zeespiegel},
title = {{Evidence of regional sea-level rise acceleration for the North Sea OPEN ACCESS}}
}
@article{Baart2020a,
author = {Baart, Fedor and Donchyts, Gennadii},
file = {:C$\backslash$:/Users/stolte/OneDrive - Stichting Deltares/Documents/Information/Literatuur/INBOX/11205238-000-DSC-0001{\_}v1{\_}Visualizing changes of the Antarctic Ice Sheet.pdf:pdf},
keywords = {sealevel,zeespiegel},
mendeley-tags = {sealevel,zeespiegel},
number = {november},
title = {{Visualizing changes of the Antarctic Ice Sheet}},
year = {2020}
}
@article{Hermans2022,
abstract = {Projections of relative sea level change (RSLC) are commonly reported at an annual mean basis. The seasonality of RSLC is often not considered, even though it may modulate the impacts of annual mean RSLC. Here, we study seasonal differences in twenty-first-century ocean dynamic sea level change (DSLC; 2081–2100 minus 1995–2014) on the Northwestern European Shelf (NWES) and their drivers, using an ensemble of 33 CMIP6 models complemented with experiments performed with a regional ocean model. For the high-end emissions scenario SSP5–8.5, we find substantial seasonal differences in ensemble mean DSLC, especially in the southeastern North Sea. For example, at Esbjerg (Denmark), winter mean DSLC is on average 8.4 cm higher than summer mean DSLC. Along all coasts on the NWES, DSLC is higher in winter and spring than in summer and autumn. For the low-end emissions scenario SSP1–2.6, these seasonal differences are smaller. Our experiments indicate that the changes in winter and summer sea level anomalies are mainly driven by regional changes in wind stress anomalies, which are generally southwesterly and east-northeasterly over the NWES, respectively. In spring and autumn, regional wind stress changes play a smaller role. We also show that CMIP6 models not resolving currents through the English Channel cannot accurately simulate the effect of seasonal wind stress changes on the NWES. Our results imply that using projections of annual mean RSLC may underestimate the projected changes in extreme coastal sea levels in spring and winter. Additionally, changes in the seasonal sea level cycle may affect groundwater dynamics and the inundation characteristics of intertidal ecosystems.},
author = {Hermans, Tim H.J. and Katsman, Caroline A. and Camargo, Carolina M.L. and Garner, Gregory G. and Kopp, Robert E. and Slangen, Aim{\'{e}}e B.A.},
doi = {10.1175/JCLI-D-21-0636.1},
file = {:C$\backslash$:/Users/stolte/OneDrive - Stichting Deltares/Documents/Information/Literatuur/INBOX/[15200442 - Journal of Climate] The Effect of Wind Stress on Seasonal Sea-Level Change on the Northwestern European Shelf.pdf:pdf},
issn = {15200442},
journal = {Journal of Climate},
keywords = {Climate change,Climate models,Ocean models,Sea level,Seasonal cycle,Seasonal effects,Wind effects,Wind stress,sealevel,zeespiegel},
mendeley-tags = {sealevel,zeespiegel},
number = {6},
pages = {1745--1759},
title = {{The Effect of Wind Stress on Seasonal Sea-Level Change on the Northwestern European Shelf}},
volume = {35},
year = {2022}
}
@article{Hermans2020,
abstract = {Sea level on the northwestern European shelf (NWES) varies substantially from year to year. Removing explained parts of interannual sea level variability from observations helps to improve estimates of long-term sea level trends. To this end, the contributions of different drivers to interannual sea level variability need to be understood and quantified. We quantified these contributions for the entire NWES by performing sensitivity experiments with a high-resolution configuration of the Regional Ocean Modeling System (ROMS). The lateral and atmospheric boundary conditions were derived from reanalyses. We compared our model results with satellite altimetry data and used our sensitivity experiments to show that nonlinear feedbacks cause only minor interannual sea level variability on the shelf. This indicates that our experiments can be used to separate the effects of different drivers. We find that wind dominates the variability of annual mean sea level in the southern and eastern North Sea (up to 4.7-cm standard deviation), whereas the inverse barometer effect dominates elsewhere on the NWES (up to 1.7-cm standard deviation). In contrast, forcing at the lateral ocean boundaries results in small and coherent variability on the shelf (0.5-cm standard deviation). Variability driven by buoyancy fluxes ranges from 0.5- to 1.3-cm standard deviation. The results of our sensitivity experiments explain the (anti)correlation between interannual sea level variability at different locations on the NWES and can be used to estimate sea level rise from observations in this region with higher accuracy.},
author = {Hermans, Tim H.J. and {Le Bars}, Dewi and Katsman, Caroline A. and Camargo, Carolina M.L. and Gerkema, Theo and Calafat, Francisco M. and Tinker, Jonathan and Slangen, Aim{\'{e}}e B.A.},
doi = {10.1029/2020JC016325},
file = {:C$\backslash$:/Users/stolte/OneDrive - Stichting Deltares/Documents/Information/Literatuur/INBOX/JGR Oceans - 2020 - Hermans - Drivers of Interannual Sea Level Variability on the Northwestern European Shelf.pdf:pdf},
issn = {21699291},
journal = {Journal of Geophysical Research: Oceans},
keywords = {ROMS,interannual sea level variability,northwestern European shelf,regional ocean model,satellite altimetry era,sealevel,sensitivity experiments,zeespiegel},
mendeley-tags = {sealevel,zeespiegel},
number = {10},
pages = {1--18},
title = {{Drivers of Interannual Sea Level Variability on the Northwestern European Shelf}},
volume = {125},
year = {2020}
}
@article{Boettiger2014,
abstract = {As computational work becomes more and more integral to many aspects of scientific research, computational reproducibility has become an issue of increasing importance to computer systems researchers and domain scientists alike. Though computational reproducibility seems more straight forward than replicating physical experiments, the complex and rapidly changing nature of computer environments makes being able to reproduce and extend such work a serious challenge. In this paper, I explore common reasons that code developed for one research project cannot be successfully executed or extended by subsequent researchers. I review current approaches to these issues, including virtual machines and workflow systems, and their limitations. I then examine how the popular emerging technology Docker combines several areas from systems research - such as operating system virtualization, cross-platform portability, modular re-usable elements, versioning, and a `DevOps' philosophy, to address these challenges. I illustrate this with several examples of Docker use with a focus on the R statistical environment.},
archivePrefix = {arXiv},
arxivId = {1410.0846},
author = {Boettiger, Carl},
doi = {10.1145/2723872.2723882},
eprint = {1410.0846},
file = {:C$\backslash$:/Users/stolte/OneDrive - Stichting Deltares/Documents/Information/Literatuur/INBOX/1410.0846.pdf:pdf},
keywords = {sealevel,zeespiegel},
mendeley-tags = {sealevel,zeespiegel},
title = {{An introduction to Docker for reproducible research, with examples from the R environment}},
url = {http://arxiv.org/abs/1410.0846{\%}0Ahttp://dx.doi.org/10.1145/2723872.2723882},
year = {2014}
}
@article{Chen2014,
abstract = {In this study, contributions of both local steric and remote baroclinic effects (i.e., steric variations external to the region of interest) to the inter-annual variability of winter sea level in the North Sea, with respect to the North Atlantic Oscillation (NAO), for the period of 1953-2010 are investigated. On inter-annual time scales in this period, the NAO is significantly correlated to sea level variations in the North Sea only in the winter months (December-March), while its correlation to sea temperature over much of the North Sea is only significant in January and February. The discrepancy in sea level between observations and barotropic tide and surge models forced by tides and local atmospheric forcing, i.e., local atmospheric pressure effects and winds, in the present study are found to be consistent with previous studies. In the North Sea, local thermosteric effects caused by thermal expansion play a minor role on winter-mean NAO related sea level variability compared with atmospheric forcing. This is particularly true in the southeastern North Sea where water depths are mostly less than 25m. Our calculations demonstrate that the discrepancy can be mostly explained by remote baroclinic effects, which appear as water mass exchanges on the continental shelf and are therefore only apparent in ocean bottom pressure. In the North Sea, NAO related sea level variations seem to be a hybrid of barotropic and baroclinic processes. Hence, they can only be adequately modelled with three-dimensional baroclinic ocean models that include contributions of baroclinic effects and large-scale atmospheric forcing external to the region of interest.},
author = {Chen, Xinping and Dangendorf, S{\"{o}}nke and Narayan, Nikesh and O'Driscoll, Kieran and Tsimplis, Michael N. and Su, Jian and Mayer, Bernhard and Pohlmann, Thomas},
doi = {10.1016/j.ecss.2014.10.009},
file = {:C$\backslash$:/Users/stolte/OneDrive - Stichting Deltares/Documents/Information/Literatuur/INBOX/1-s2.0-S0272771414002972-main.pdf:pdf},
issn = {02727714},
journal = {Estuarine, Coastal and Shelf Science},
keywords = {Baroclinic effect,North Atlantic Oscillation,North Sea,Sea level,Steric effect,sealevel,zeespiegel},
mendeley-tags = {sealevel,zeespiegel},
pages = {186--195},
title = {{On sea level change in the North Sea influenced by the North Atlantic Oscillation: Local and remote steric effects}},
volume = {151},
year = {2014}
}
@article{Slangen2022,
author = {Slangen, A. B. A. and Haasnoot, M. and Winter, G.},
doi = {10.1029/2021ef002576},
file = {:C$\backslash$:/Users/stolte/Downloads/Earth s Future - 2022 - Slangen - Rethinking Sea‐Level Projections Using Families and Timing Differences.pdf:pdf},
issn = {2328-4277},
journal = {Earth's Future},
keywords = {sealevel,zeespiegel},
mendeley-tags = {sealevel,zeespiegel},
pages = {1--16},
title = {{Rethinking Sea‐Level Projections using Families and Timing Differences}},
year = {2022}
}
@phdthesis{Baart2013,
author = {Baart, Fedor},
doi = {10.4233/uuid:64161304-4714-4214-9790-e0da4a71399d},
keywords = {sealevel,zeespiegel},
mendeley-tags = {sealevel,zeespiegel},
school = {Technical University of Delft},
title = {{Confidence in Coastal Forecasts}},
year = {2013}
}
@techreport{Nederhoff2017,
address = {Delft},
author = {Nederhoff, K and Smits, B and Wang, Z B},
file = {:C$\backslash$:/Users/stolte/OneDrive - Stichting Deltares/Documents/Information/Literatuur/INBOX/11200521-000-ZKS-0002-r-KPP Kennisontwikkeling Morfologie Waddenzee{\_}rapport{\_}2017.pdf:pdf},
institution = {Deltares},
keywords = {Waddenzee,sealevel,zeespiegel},
mendeley-tags = {Waddenzee,sealevel,zeespiegel},
pages = {70},
title = {{KPP Waddenzee Kennisontwikkeling morfologie en baggerhoeveelheden}},
url = {https://kennisbank.deltares.nl/Details/fullCatalogue/1000002813},
year = {2017}
}
@techreport{Barneveld2017,
address = {Lelystad},
author = {Barneveld, H.J. and Nicolai, R.P. and van Veen, M. and van Haaster, S. and Boudewijn, T.J. and de Jong, J.W. and van Didderen, K. and {van de Haterd, R.J.W. Middenveld}, P.P. and Michielsen, S. and {Van De Moortel}, I. and Velez, C. and de Wilde, E.},
file = {:C$\backslash$:/Users/stolte/AppData/Local/Mendeley Ltd./Mendeley Desktop/Downloaded/Barneveld et al. - 2017 - Analyserapport T2015-rapportage Schelde-estuarium.pdf:pdf},
institution = {HKV Lijn in Water},
keywords = {Eastern Scheldt,Oosterschelde,sealevel,veersemeer,zeespiegel},
mendeley-tags = {Eastern Scheldt,Oosterschelde,sealevel,veersemeer,zeespiegel},
number = {november},
pages = {824},
title = {{Analyserapport T2015-rapportage Schelde-estuarium}},
url = {https://www.vnsc.eu/uploads/2018/07/t2015-analyserapport.pdf},
year = {2017}
}
@techreport{VanDantzig1960,
author = {{Van Dantzig}, D.},
file = {:C$\backslash$:/Users/stolte/OneDrive - Stichting Deltares/Documents/Information/Literatuur/INBOX/Dl.{\_}3{\_}Bijdragen{\_}van{\_}het{\_}Mathematisch{\_}Centrum{\_}over{\_}stormvloeden.pdf.pdf:pdf},
institution = {Mathematisch Centrum},
keywords = {Netherlands,coastal defence,sealevel,zeespiegel},
mendeley-tags = {sealevel,zeespiegel},
pages = {219},
title = {{Bijdragen II. Beschouwingen over Stormvloeden en Getijbeweging.}},
year = {1960}
}
@article{Archief2018,
author = {Archief, Nationaal},
file = {:C$\backslash$:/Users/stolte/AppData/Local/Mendeley Ltd./Mendeley Desktop/Downloaded/Archief - 2018 - Getijdewateren van het Ministerie van Verkeer en.pdf:pdf},
keywords = {sealevel,zeespiegel},
mendeley-tags = {sealevel,zeespiegel},
number = {1977},
pages = {1985--1993},
title = {{Getijdewateren van het Ministerie van Verkeer en}},
year = {2018}
}
@article{Atlas,
author = {Atlas, Digital and Sea, North},
file = {:C$\backslash$:/Users/stolte/AppData/Local/Mendeley Ltd./Mendeley Desktop/Downloaded/Atlas, Sea - Unknown - Digital Atlas of the North Sea.pdf:pdf},
keywords = {sealevel,zeespiegel},
mendeley-tags = {sealevel,zeespiegel},
title = {{Digital Atlas of the North Sea}}
}
@article{Allison2015,
author = {Allison, Eh and Bassett, He},
doi = {10.1126/science.aac8721},
file = {:C$\backslash$:/Users/stolte/AppData/Local/Mendeley Ltd./Mendeley Desktop/Downloaded/Allison, Bassett - 2015 - Climate change in the oceans Human impacts and responses.pdf:pdf},
issn = {0036-8075},
journal = {Science (New York, N.Y.)},
keywords = {sealevel,zeespiegel},
mendeley-tags = {sealevel,zeespiegel},
pages = {778},
title = {{Climate change in the oceans: Human impacts and responses}},
url = {http://www.sciencemag.org/content/350/6262/778.full.pdf},
volume = {350},
year = {2015}
}
@book{Dillingh2013,
author = {Dillingh, D},
file = {:C$\backslash$:/Users/stolte/AppData/Local/Mendeley Ltd./Mendeley Desktop/Downloaded/Dillingh - 2013 - Kenmerkende waarden kustwateren en grote rivieren.pdf:pdf},
isbn = {1207509000},
keywords = {Eastern Scheldt,Oosterschelde,sealevel,zeespiegel},
mendeley-tags = {Eastern Scheldt,Oosterschelde,sealevel,zeespiegel},
number = {1207509-000},
title = {{Kenmerkende waarden kustwateren en grote rivieren}},
year = {2013}
}
@article{Stocker,
author = {Stocker, Thomas},
file = {:C$\backslash$:/Users/stolte/AppData/Local/Mendeley Ltd./Mendeley Desktop/Downloaded/Stocker - Unknown - The Physical Science Basis of Climate Change Latest Findings to be Assessed by WGI in AR5.pdf:pdf},
journal = {Scenario},
keywords = {sealevel,zeespiegel},
mendeley-tags = {sealevel,zeespiegel},
title = {{The Physical Science Basis of Climate Change : Latest Findings to be Assessed by WGI in AR5}}
}
@article{Broekema2018,
abstract = {Scour in the vicinity of a hydraulic structure may compromise its geotechnical stability or that of nearby structures. Much fundamental research has been dedicated to the understanding and prediction of these processes, in order to enable the efficient design of mitigation measures. While most of these efforts consider laterally uniform flows, nonuniformity is the rule rather than the exception. This study presents field observations near the storm surge barrier in the Eastern Scheldt estuary, The Netherlands, where significant scour holes have developed. The tidal flow through this semi-open barrier exhibits characteristics of a shallow jet. A pronounced contraction of this jet toward the nearby scour hole during particular stages of the tidal cycle is revealed, attributed to potential vorticity conservation; the depth-averaged vertical vorticity increases proportionally to the depth increase. Measurements show a vertically uniform velocity profile in the scour hole that is attributed to a reduction of the adverse pressure gradient due to the contraction, that suppresses boundary layer separation from the upstream slope of the scour hole. A positive feedback mechanism is thus revealed; lateral velocity gradients lead to relatively high near-bed velocities in the scour hole which enhances erosion—causing an even stronger horizontal contraction—maintaining the scouring potential. If the upstream flow field is laterally uniform (observed around slack tide), horizontal contraction does not occur, and the boundary layer separates from the upstream slope. The scour depth will then tend to an equilibrium. The results infer the importance of the nonuniformity of the horizontal flow field.},
author = {Broekema, Y. B. and Labeur, R. J. and Uijttewaal, W. S.J.},
doi = {10.1029/2018JF004754},
file = {:C$\backslash$:/Users/stolte/OneDrive - Stichting Deltares/Documents/Information/Literatuur/INBOX/2018JF004754.pdf:pdf},
issn = {21699011},
journal = {Journal of Geophysical Research: Earth Surface},
keywords = {Eastern Scheldt,Oosterschelde,field data,flow separation,potential vorticity,scour hole,sealevel,shallow tidal jet,storm surge barrier,zeespiegel},
mendeley-tags = {Eastern Scheldt,Oosterschelde,sealevel,zeespiegel},
number = {12},
pages = {3162--3189},
title = {{Observations and Analysis of the Horizontal Structure of a Tidal Jet at Deep Scour Holes}},
volume = {123},
year = {2018}
}
@article{Kabat2012,
author = {Kabat, Pavel and Bazelmans, Jos and van Dijk, Jouke and Herman, Peter M.J. and van Oijen, Tim and Pejrup, Morten and Reise, Karsten and Speelman, Hessel and Wolff, Wim J.},
doi = {10.1016/j.ocecoaman.2012.05.022},
file = {:C$\backslash$:/Users/stolte/AppData/Local/Mendeley Ltd./Mendeley Desktop/Downloaded/Kabat et al. - 2012 - The Wadden Sea Region Towards a science for sustainable development.pdf:pdf},
issn = {09645691},
journal = {Ocean {\&} Coastal Management},
keywords = {Waddenzee,sealevel,zeespiegel},
mendeley-tags = {Waddenzee,sealevel,zeespiegel},
month = {jun},
publisher = {Elsevier Ltd},
title = {{The Wadden Sea Region: Towards a science for sustainable development}},
url = {http://linkinghub.elsevier.com/retrieve/pii/S0964569112001378},
year = {2012}
}
@article{Yokohata2019,
abstract = {It is now widely recognized that climate change affects multiple sectors in virtually every part of the world. Impacts on one sector may influence other sectors, including seemingly remote ones, which we call “interconnections of climate risks.” While a substantial number of climate risks are identified in the Intergovernmental Panel on Climate Change Fifth Assessment Report, there have been few attempts to explore the interconnections between them in a comprehensive way. To fill this gap, we developed a methodology for visualizing climate risks and their interconnections based on a literature survey. Our visualizations highlight the need to address climate risk interconnections in impact and vulnerability studies. Our risk maps and flowcharts show how changes in climate impact natural and socioeconomic systems, ultimately affecting human security, health, and well-being. We tested our visualization approach with potential users and identified likely benefits and issues. Our methodology can be used as a communication tool to inform decision makers, stakeholders, and the general public of the cascading risks that can be triggered by climate change.},
author = {Yokohata, T. and Tanaka, K. and Nishina, K. and Takahashi, K. and Emori, S. and Kiguchi, M. and Iseri, Y. and Honda, Y. and Okada, M. and Masaki, Y. and Yamamoto, A. and Shigemitsu, M. and Yoshimori, M. and Sueyoshi, T. and Iwase, K. and Hanasaki, N. and Ito, A. and Sakurai, G. and Iizumi, T. and Nishimori, M. and Lim, W. H. and Miyazaki, C. and Okamoto, A. and Kanae, S. and Oki, T.},
doi = {10.1029/2018EF000945},
file = {:C$\backslash$:/Users/stolte/OneDrive - Stichting Deltares/Documents/Information/Literatuur/INBOX/2018EF000945.pdf:pdf},
issn = {23284277},
journal = {Earth's Future},
keywords = {climate change,climate risk communication,interconnection,network diagram,risk,sealevel,visualization,zeespiegel},
mendeley-tags = {sealevel,zeespiegel},
number = {2},
pages = {85--100},
title = {{Visualizing the Interconnections Among Climate Risks}},
volume = {7},
year = {2019}
}
@article{Timmerman2010,
abstract = {Water quality monitoring has developed over the past century from an unplanned, isolated activity into an important discipline in water management. This development also brought about a discontent between information users and information producers about the usefulness and usability of information, in literature often referred to as the data-rich-but-information-poor syndrome. This article aims to gain a better understanding of this issue by studying the developments over some five decades of Dutch national water quality monitoring, by analyzing four studies in which the role and use of information are discussed from different perspectives, and by relating this to what is considered in literature as useful information. The article concludes that a "water information gap" exists which is rooted in different mutual perceptions and expectations between the two groups on what useful information is, that can be overcome by improving the communication. Such communication should be based on willingness to understand and deal with different mindframes and should be based on a methodology that guides and structures the interactions.},
author = {Timmerman, Jos G. and Beinat, Euro and Termeer, Katrien and Cofino, Wim},
doi = {10.1007/s00267-010-9459-5},
file = {:C$\backslash$:/Users/stolte/AppData/Local/Mendeley Ltd./Mendeley Desktop/Downloaded/Timmerman et al. - 2010 - Analyzing the data-rich-but-information-poor syndrome in dutch water management in historical perspective.pdf:pdf},
issn = {0364152X},
journal = {Environmental Management},
keywords = {Environmental information,Information needs,Science-policy interface,Water-quality monitoring,sealevel,zeespiegel},
mendeley-tags = {sealevel,zeespiegel},
number = {5},
pages = {1231--1242},
pmid = {20221829},
title = {{Analyzing the data-rich-but-information-poor syndrome in dutch water management in historical perspective}},
volume = {45},
year = {2010}
}
@article{LeBars2019,
author = {{Le Bars}, D and de Vries, H and Drijfhout, S},
file = {:C$\backslash$:/Users/stolte/AppData/Local/Mendeley Ltd./Mendeley Desktop/Downloaded/Le Bars, de Vries, Drijfhout - 2019 - Sea level rise and its spatial variations.pdf:pdf},
keywords = {sealevel,zeespiegel},
mendeley-tags = {sealevel,zeespiegel},
title = {{Sea level rise and its spatial variations}},
year = {2019}
}
@article{Baart2012,
author = {Baart, Fedor and Gelder, Pieter H A J M Van and Ronde, John De and Koningsveld, Mark Van},
doi = {10.2112/JCOASTRES-D-11-00169.1},
file = {:C$\backslash$:/Users/stolte/AppData/Local/Mendeley Ltd./Mendeley Desktop/Downloaded/Baart et al. - 2012 - The Effect of the 18 . 6-Year Lunar Nodal Cycle on Regional Sea-Level Rise Estimates The Effect of the 18 . 6-Year.pdf:pdf},
keywords = {sealevel,zeespiegel},
mendeley-tags = {sealevel,zeespiegel},
number = {2},
pages = {511--516},
title = {{The Effect of the 18 . 6-Year Lunar Nodal Cycle on Regional Sea-Level Rise Estimates}},
volume = {28},
year = {2012}
}
@article{Rijksoverhied2021,
abstract = {Het Programma Noordzee, inclusief de bijlage Mariene Strategie deel 3 (programma van maatregelen) is integraal onderdeel van het Nationaal Waterprogramma (NWP) 2022-2027. De samenhang in het waterbeleid waarop het NWP inzet, geldt ten volle ook voor het beheer en gebruik van de Noordzee. Diverse ontwikkelingen op en rond de Noordzee vertonen een vaste trend naar toenemende intensivering van het gebruik. Tegelijkertijd zijn nationaal en internatio- naal duidelijke randvoorwaarden gesteld om het ecosysteem van de Noordzee te kunnen herstellen en beschermen. De integraliteit in het waterbeheer, die het NWP voorstaat, is voor het Noordzeebeleid in de komende decennia dan ook niet een keuze uit verschillende opties, maar een harde noodzaak. De opgave voor de komende jaren is het vinden van de juiste maatschap- pelijke balans om te kunnen komen tot een efci{\"{e}}nte en veilige ruimtelijke ontwikkeling van de Noordzee die past binnen de randvoorwaarden van een gezond ecosysteem. Met het Programma Noordzee 2022-2027 stelt het Rijk de kaders voor ruimtelijk gebruik van de Noordzee in relatie tot de toestand van het mariene ecosysteem, en voor het beleid gericht op het verbeteren van de milieutoestand. Die kaderstelling is voor het ecosysteem en de verdere relevante nationale belangen uit de Nationale Omgevingsvisie (NOVI) uitgewerkt in een beschrijving van het huidig gebruik, de actuele en te verwachten ontwikkelingen, de daarmee samenhangende toekomst- visie en opgaven, het ontwikkelde beleid en beheer en tot slot de kennisopgave. Internationale},
author = {Rijksoverhied},
file = {:C$\backslash$:/Users/stolte/AppData/Local/Mendeley Ltd./Mendeley Desktop/Downloaded/Rijksoverhied - 2021 - Ontwerp Programma Noordzee 2022-2027.pdf:pdf},
keywords = {sealevel,zeespiegel},
mendeley-tags = {sealevel,zeespiegel},
pages = {146},
title = {{Ontwerp Programma Noordzee 2022-2027}},
url = {https://www.platformparticipatie.nl/nationaalwaterprogramma/ontwerp+nwp/relevante+documenten+nwp+ontwerp/default.aspx{\#}folder=1917258},
year = {2021}
}
@techreport{Holzhauer2011,
abstract = {Voor u ligt een evaluatiemethodiek voor het Schelde-estuarium. De methodiek is een instrumentarium om het functioneren van dit estuariene systeem te evalueren. Deze rapportage is het vervolg op een eerste draft methodiek die in november 2010 werd opgesteld. Opdrachtgever voor deze grensoverschrijdende evaluatiemethodiek is Vlaams-Nederlandse Schelde Commissie (VNSC), met Rijkswaterstaat-Waterdienst als administratief opdrachtgever. De opdracht werd uitgevoerd door Deltares in samenwerking met de Universiteit Antwerpen. De methodiek is opgebouwd rond de hoofdfuncties uit de langetermijnvisie. Vanuit deze functies is een beperkte set communicatie-indicatoren ontwikkeld. Het eerste hoofdstuk, Inleiding, beschrijft de gebruikte werkwijze en de onderlinge samenhang tussen de communicatie-indicatoren. Elke communicatie-indicator is nadien uitgewerkt als zelfstandig hoofdstuk en kan los van de andere indicatoren gelezen worden.},
address = {Delft},
author = {Holzhauer, H. and Maris, T. and Meire, P. and van Damme, S. and Nolte, A. and Kuijper, K. and Taal, M.D. and Jeuken, C. and Kromkamp, J. and van Wesenbeeck, B.K. and van Ryckegem, G. and van den Bergh, E. and Wijnhoven, S.},
file = {:C$\backslash$:/Users/stolte/AppData/Local/Mendeley Ltd./Mendeley Desktop/Downloaded/Holzhauer et al. - 2011 - Evaluatiemethodiek Schelde-estuarium fase 2.pdf:pdf},
institution = {Deltares},
keywords = {Eastern Scheldt,Evaluatiemethodiek,Grevelingen,Oosterschelde,sealevel,veersemeer,zeespiegel},
mendeley-tags = {Eastern Scheldt,Grevelingen,Oosterschelde,sealevel,veersemeer,zeespiegel},
pages = {268},
title = {{Evaluatiemethodiek Schelde-estaurium. Fase 2}},
year = {2011}
}
@article{Dankers2009,
author = {Dankers, Norbert},
file = {:C$\backslash$:/Users/stolte/AppData/Local/Mendeley Ltd./Mendeley Desktop/Downloaded/Dankers - 2009 - Wadbodem en waterkolom.pdf:pdf},
keywords = {sealevel,zeespiegel},
mendeley-tags = {sealevel,zeespiegel},
number = {november},
pages = {1--50},
title = {{Wadbodem en waterkolom}},
year = {2009}
}
@techreport{Holzhauer,
address = {Delft},
author = {{Van Duin}, C.F. and {Vrij Peerdeman}, M. and Jaspers, H. and Bucholc, A.M. and {Meijer Holzhauer}, Harriette and Vergouwen, Sophie and Wijsman, Jeroen and Baptist, Martin and Deltares and {Van Duin}, C.F. and {Vrij Peerdeman}, M. and Jaspers, C.J. and Bucholc, A.M. and Wessels, S.C. and Harezlak, Valesca and van Rooijen, Arnold and Friocourt, Yann and van Kessel, Thijs and Los, Hans and Holzhauer, H and {van der Valk B} and Tonnon, Pieter-Koen and van der Werf, Jebbe and van Dongeren, Ap and Stronkhorst, Joost and Sprengers, Chris and Oost, Albert and Mulder, Jan and de Boer, Gerben and Baptist, Martin},
file = {:C$\backslash$:/Users/stolte/AppData/Local/Mendeley Ltd./Mendeley Desktop/Downloaded/Holzhauer, Van - Unknown - Megasuppleties langs de Nederlandse kust.pdf:pdf},
institution = {Deltares},
isbn = {Z4792},
keywords = {Eastern Scheldt,Grevelingen,Oosterschelde,sealevel,zeespiegel},
mendeley-tags = {Eastern Scheldt,Grevelingen,Oosterschelde,sealevel,zeespiegel},
number = {december 2017},
pages = {100},
title = {{Modelberekeningen slib en primaire productie Winning suppletiezand Noordzee}},
url = {https://www.natuurlijkveilig.nl/documenten/publicaties/2017/05/09/ecologische-effecten-van-kustsuppleties},
year = {2012}
}
@techreport{GeurtsvanKessel2004,
author = {{Geurts van Kessel}, A.J.M.},
file = {:C$\backslash$:/Users/stolte/OneDrive - Stichting Deltares/Documents/Information/Literatuur/INBOX/Verlopend{\_}tij{\_}Bekkenrapportage{\_}Oosterschelde{\_}2004.pdf:pdf},
institution = {Ministerie van Verkeer en Waterstaat, Rijksinstituut voor kust en Zee / RIKZ.},
isbn = {9036934583},
keywords = {Oosterschelde,Verlopend tij,ecologis,sealevel,veersemeer,zandhonger,zeespiegel},
mendeley-tags = {Oosterschelde,sealevel,veersemeer,zeespiegel},
pages = {82},
title = {{Verlopend tij: Oosterschelde, een veranderd natuurmonument}},
url = {https://eur03.safelinks.protection.outlook.com/?url=https{\%}3A{\%}2F{\%}2Fwww.zeeweringenwiki.nl{\%}2Fimages{\%}2Ff{\%}2Fff{\%}2FVerlopend{\_}tij{\_}Bekkenrapportage{\_}Oosterschelde{\_}2004.pdf{\&}data=04{\%}7C01{\%}7C{\%}7C8983474fa556469d2bb608d9ad8cd30b{\%}7C15f3fe0ed7124981bc7cfe949af215bb{\%}7C0{\%}7C},
year = {2004}
}
@techreport{Maris2014,
address = {Antwerpen},
author = {Maris, T and Bruens, A and {Van Duren}, L and Vroom, J and Holzhauer, H and de Jonge, M and {Van Damme}, S and Nolte, A and Kuijper, K and Taal, M and Jeuken, C and Kromkamp, J and {Van Wesebeeck}, B K and {Van Ryckegem}, G and {Van den Berghe}, E and Wijnhoven, S and Meire, P},
file = {:C$\backslash$:/Users/stolte/AppData/Local/Mendeley Ltd./Mendeley Desktop/Downloaded/Maris et al. - 2014 - Evaluatiemethodiek Schelde-estuarium. Update 2014.pdf:pdf},
institution = {Universiteit Antwerpen},
keywords = {Eastern Scheldt,Oosterschelde,sealevel,veersemeer,zeespiegel},
mendeley-tags = {Eastern Scheldt,Oosterschelde,sealevel,veersemeer,zeespiegel},
pages = {362},
title = {{Evaluatiemethodiek Schelde-estuarium. Update 2014}},
year = {2014}
}
@book{Dillingh2013,
author = {Dillingh, D},
file = {:C$\backslash$:/Users/stolte/AppData/Local/Mendeley Ltd./Mendeley Desktop/Downloaded/Dillingh - 2013 - Kenmerkende waarden kustwateren en grote rivieren.pdf:pdf},
isbn = {1207509000},
keywords = {Eastern Scheldt,Oosterschelde,sealevel,zeespiegel},
mendeley-tags = {Eastern Scheldt,Oosterschelde,sealevel,zeespiegel},
number = {1207509-000},
title = {{Kenmerkende waarden kustwateren en grote rivieren}},
year = {2013}
}
@techreport{Barneveld2018,
address = {Lelystad},
author = {Barneveld, H.J. and Nicolai, R.P. and Boudewijn, T.J. and de Jong, J.W. and van Didderen, K. and van de Haterd, R.J.W. and {Van De Moortel}, I. and Velez, C.},
file = {:C$\backslash$:/Users/stolte/AppData/Local/Mendeley Ltd./Mendeley Desktop/Downloaded/Barneveld et al. - 2018 - Evaluatierapport. T2015-rapportage Schelde-estuarium.pdf:pdf},
institution = {HKV Lijn in Water},
keywords = {Eastern Scheldt,Oosterschelde,sealevel,zeespiegel},
mendeley-tags = {Eastern Scheldt,Oosterschelde,sealevel,zeespiegel},
number = {april},
pages = {284},
title = {{Evaluatierapport. T2015-rapportage Schelde-estuarium.}},
url = {https://www.vnsc.eu/uploads/2018/07/t2015-evaluatierapport.pdf},
year = {2018}
}
@techreport{Herman2018,
address = {Delft},
author = {Herman, PMJ and T, Van Kessel and J, Vroom and P, Dankers and J, Cleveringa and B, De Vries and N, Villars},
file = {:C$\backslash$:/repos{\_}checkouts/digitale{\_}systeemrapportages/1{\_}data/Wadden/literatuur/11202177-000-ZKS-0011{\_}v1.0-Mud dynamics in the Wadden Sea.pdf:pdf},
institution = {Deltares},
keywords = {Waddenzee,sealevel,zeespiegel},
mendeley-tags = {Waddenzee,sealevel,zeespiegel},
pages = {69},
title = {{Mud dynamics in the Wadden Sea}},
year = {2018}
}
@article{MathematischeCentrum1960,
author = {{Mathematische Centrum}},
file = {:C$\backslash$:/Users/stolte/OneDrive - Stichting Deltares/Documents/Information/Literatuur/INBOX/Dl.{\_}3{\_}Bijdragen{\_}van{\_}het{\_}Mathematisch{\_}Centrum{\_}over{\_}stormvloeden.pdf.pdf:pdf},
keywords = {Netherlands,coastal defence,sealevel,zeespiegel},
mendeley-tags = {sealevel,zeespiegel},
title = {{Beidragen II. Beschouwingen over Stromvloeden en Getijbeweging. Extrapolatie van de Overschrijdingslijn der Hoogwaterstanden te Hoek van Holland met hulp van geselecteerde Stromen}},
year = {1960}
}
@inproceedings{van2010openearth,
author = {{Van Koningsveld}, M and {De Boer}, G J and Baart, F and Damsma, T and {Den Heijer}, C and {Van Geer}, P and de Sonneville, B},
booktitle = {Proceedings WODCON XIX Conference, Beijing, China},
keywords = {sealevel,zeespiegel},
mendeley-tags = {sealevel,zeespiegel},
title = {{OpenEarth - Inter-Company Management of: Data, Models, Tools {\&} Knowledge}},
url = {https://publicwiki.deltares.nl/download/attachments/42401895/VanKoningsveld et al. (WODCON2010) Data  Models and Tools - V17.pdf?version=1{\&}modificationDate=1287560844000{\&}api=v2},
year = {2010}
}
@techreport{Rijkswaterstaat2009a,
author = {Rijkswaterstaat},
booktitle = {Water},
file = {:C$\backslash$:/Users/stolte/AppData/Local/Mendeley Ltd./Mendeley Desktop/Downloaded/Rijkswaterstaat - 2009 - Programma Rijkswateren 2010 - 2015. Uitwerking waterbeheer 21e eeuw, Kaderrichtlijn Water en Natura 2000. Behee.pdf:pdf},
institution = {RWS},
keywords = {Eastern Scheldt,Oosterschelde,Waddenzee,sealevel,veersemeer,zeespiegel},
mendeley-tags = {Eastern Scheldt,Oosterschelde,Waddenzee,sealevel,veersemeer,zeespiegel},
pages = {344},
title = {{Programma Noordzeekustzone, Waddenzee en Eems-Dollard Waterbeheer 21e eeuw, Kaderrichtlijn Water en Natura 2000. Beheer- en Ontwikkelplan voor de Rijkswateren 2010-2015 – ontwerp}},
year = {2008}
}
@techreport{Maris2010,
address = {Antwerpen},
author = {Maris, Tom and Oosterlee, Lotte and Meire, Patrick},
file = {:C$\backslash$:/Users/stolte/AppData/Local/Mendeley Ltd./Mendeley Desktop/Downloaded/Maris, Oosterlee, Meire - 2010 - baggeractiviteiten en havenuitbreiding in de Zeeschelde op het milieu.pdf:pdf},
institution = {Universiteit Antwerpen},
keywords = {sealevel,zeespiegel},
mendeley-tags = {sealevel,zeespiegel},
pages = {276},
title = {{baggeractiviteiten en havenuitbreiding in de Zeeschelde op het milieu}},
url = {http://www.vliz.be/nl/open-marien-archief?module=ref{\&}refid=244263},
year = {2010}
}
@article{Gerkema2017a,
author = {Gerkema, Theo and Duran-matute, Matias},
file = {:C$\backslash$:/Users/stolte/OneDrive - Stichting Deltares/Documents/Information/Literatuur/INBOX/esd-8-1223-2017.pdf:pdf},
keywords = {sealevel,zeespiegel},
mendeley-tags = {sealevel,zeespiegel},
pages = {1223--1235},
title = {{Interannual variability of mean sea level and its sensitivity to wind climate in an inter-tidal basin}},
year = {2017}
}
@article{Smaal1991,
author = {Smaal, A C and Stralen, M R Van},
file = {:C$\backslash$:/Users/stolte/AppData/Local/Mendeley Ltd./Mendeley Desktop/Downloaded/Smaal, Stralen - 1991 - ton en schelpdieren voor en na de Oosterscheldewerken.pdf:pdf},
journal = {De Levende Natuur},
keywords = {Eastern Scheldt,Oosterschelde,sealevel,zeespiegel},
mendeley-tags = {Eastern Scheldt,Oosterschelde,sealevel,zeespiegel},
number = {5},
pages = {142--146},
title = {{Plankton en schelpdieren voor en na de Oosterscheldewerken}},
volume = {93},
year = {1991}
}
@unpublished{BOOST2019,
author = {BOOST},
file = {:C$\backslash$:/repos{\_}checkouts/digitale{\_}systeemrapportages/1{\_}data/Oosterschelde/rapporten/ZEE1900094.pdf:pdf},
keywords = {Oosterschelde,sealevel,zeespiegel},
mendeley-tags = {Oosterschelde,sealevel,zeespiegel},
title = {{Uitvoeringsprogramma Oosterscheldevisie 2018 – 2024.}},
url = {https://www.zeeland.nl/sites/default/files/digitaalarchief/ZEE1900094.pdf},
year = {2019}
}
@techreport{DeRonde2013,
address = {Delft},
author = {{De Ronde}, JG. and Mulder, J.P.M. and {Van Duren}, L.A. and Ysebaert, T.J.W.},
booktitle = {Deltares},
file = {:C$\backslash$:/repos{\_}checkouts/digitale{\_}systeemrapportages/1{\_}data/Oosterschelde/rapporten/2595-052eindadvies-ant.pdf:pdf},
institution = {Deltares},
isbn = {1207722-000-ZKS-0010},
keywords = {Oosterschelde,sealevel,zeespiegel},
mendeley-tags = {Oosterschelde,sealevel,zeespiegel},
pages = {78},
title = {{Eindadvies ANT Oosterschelde}},
year = {2013}
}
@article{Baart2012,
author = {Baart, Fedor and Gelder, Pieter H A J M Van and Ronde, John De and Koningsveld, Mark Van},
doi = {10.2112/JCOASTRES-D-11-00169.1},
file = {:C$\backslash$:/Users/stolte/AppData/Local/Mendeley Ltd./Mendeley Desktop/Downloaded/Baart et al. - 2012 - The Effect of the 18 . 6-Year Lunar Nodal Cycle on Regional Sea-Level Rise Estimates The Effect of the 18 . 6-Year.pdf:pdf},
keywords = {sealevel,zeespiegel},
mendeley-tags = {sealevel,zeespiegel},
number = {2},
pages = {511--516},
title = {{The Effect of the 18 . 6-Year Lunar Nodal Cycle on Regional Sea-Level Rise Estimates}},
volume = {28},
year = {2012}
}
@article{Baart2012b,
author = {Baart, Fedor and Koningsveld, Mark Van and Stive, M. J. F. and van Koningsveld, Mark},
doi = {10.2112/JCOASTRES-11A-00024.1},
file = {:C$\backslash$:/Users/stolte/AppData/Local/Mendeley Ltd./Mendeley Desktop/Downloaded/Baart, Koningsveld, Stive - 2012 - Trends in Sea-Level Trend Analysis Trends in Sea-Level Trend Analysis.pdf:pdf},
issn = {0749-0208},
journal = {Journal of Coastal Research},
keywords = {sealevel,zeespiegel},
mendeley-tags = {sealevel,zeespiegel},
month = {mar},
number = {2},
pages = {311--315},
title = {{Trends in Sea-Level Trend Analysis}},
url = {http://www.bioone.org/doi/abs/10.2112/JCOASTRES-11A-00024.1},
volume = {280},
year = {2012}
}
@article{Baart2018,
abstract = {De stand van zaken rond de zeespiegelstijging langs de Nederlandse kust},
author = {Baart, Fedor and Rongen, Guus and Hijma, Marc and Kooi, Henk and {De Winter}, Renske and Nicolai, Robin},
file = {:C$\backslash$:/Users/stolte/OneDrive - Stichting Deltares/Documents/Information/Literatuur/INBOX/Zeespiegelmonitor-2018-final.pdf:pdf},
keywords = {Zeespiegelstijging,sealevel,zeespiegel},
mendeley-tags = {sealevel,zeespiegel},
title = {{Zeespiegelmonitor 2018}},
url = {https://www.deltares.nl/app/uploads/2019/03/Zeespiegelmonitor-2018-final.pdf},
year = {2018}
}
@article{Baart2012b,
author = {Baart, Fedor and Koningsveld, Mark Van and Stive, M. J. F. and van Koningsveld, Mark},
doi = {10.2112/JCOASTRES-11A-00024.1},
file = {:C$\backslash$:/Users/stolte/AppData/Local/Mendeley Ltd./Mendeley Desktop/Downloaded/Baart, Koningsveld, Stive - 2012 - Trends in Sea-Level Trend Analysis Trends in Sea-Level Trend Analysis.pdf:pdf},
issn = {0749-0208},
journal = {Journal of Coastal Research},
keywords = {sealevel,zeespiegel},
mendeley-tags = {sealevel,zeespiegel},
month = {mar},
number = {2},
pages = {311--315},
title = {{Trends in Sea-Level Trend Analysis}},
url = {http://www.bioone.org/doi/abs/10.2112/JCOASTRES-11A-00024.1},
volume = {280},
year = {2012}
}
@inproceedings{Boer2012,
abstract = {In 2003 various projects at Deltares and the TU-Delft merged their
toolboxes for marine and coastal science and engineering into one
toolbox, culminating in 2008 in an open source release, known as
OpenEarthTools (OET). OpenEarth adopts the wikipedia approach to
growth: web 2.0 crowd sourcing. All users are given full write access
to help improve the collection. Quality is assured by version control,
tracking all changes. OpenEarth started as a social experiment to
investigate whether crowd sourcing was possible in our community
of marine and coastal researchers. The answer is yes: over 1000 users
registered, now enjoying over 5000 contributions from over 100 contributors.
The most important asset is a general toolbox to plot any data type
in Google Earth. With this toolbox it has become very easy for marine
and coastal experts to disseminate their data via Google Earth. It
enables the NCK community to make its data available to end-users
and the general public with only little effort. They can now consume
our data as simple as watching YouTube: DataTube. In this paper it
is shown that OpenEarth has added important value by analyzing a
wide range of marine and coastal data types from NCK simultaneously
in Google Earth. To match the traditional gap between specialist
knowledge and end users, Google Earth is shown to be a very powerful
tool. The possibilities for outreach by NCK are manifold.},
address = {Enschede, the Netherlands},
author = {de Boer, Gerben J. and Baart, Fedor and Bruens, Ankie and Damsma, Thijs and van Geer, Pieter and Grasmeijer, Bart and den Heijer, Kees and van Koningsveld, Mark},
booktitle = {NCK-days 2012 : Crossing borders in coastal research : jubilee conference proceedings},
doi = {10.3990/2.177},
file = {:C$\backslash$:/Users/stolte/AppData/Local/Mendeley Ltd./Mendeley Desktop/Downloaded/de Boer et al. - 2012 - OpenEarth using Google Earth as outreach for NCK's data.pdf:pdf},
isbn = {9789036533423},
keywords = {sealevel,zeespiegel},
mendeley-tags = {sealevel,zeespiegel},
pages = {97--103},
publisher = {University of Twente, Department of Water Engineering {\&} Management},
title = {{OpenEarth: using Google Earth as outreach for NCK's data}},
url = {http://purl.utwente.nl/proceedings/177 http://proceedings.utwente.nl/177/},
year = {2012}
}
@article{Hunicke2016,
abstract = {We analyse annual mean sea-level records from tide-gauges located in the Baltic and parts of the North Sea with the aim of detecting an acceleration of sea-level rise over the twentieth and twenty-first centuries. The acceleration is estimated as a (1) fit to a polynomial of order two in time, (2) a long-term linear increase in the rates computed over gliding overlapping decadal time segments, and (3) a long-term increase of the annual increments of sea level. The estimation methods (1) and (2) prove to be more powerful in detecting acceleration when tested with sea-level records produced in global climate model simulations. These methods applied to the Baltic-Sea tide-gauges are, however, not powerful enough to detect a significant acceleration in most of individual records, although most estimated accelerations are positive. This lack of detection of statistically significant acceleration at the individual tide-gauge level can be due to the high-level of local noise and not necessarily to the absence of acceleration. The estimated accelerations tend to be stronger in the north and east of the Baltic Sea. Two hypothesis to explain this spatial pattern have been explored. One is that this pattern reflects the slow-down of the Glacial Isostatic Adjustment. However, a simple estimation of this effect suggests that this slow-down cannot explain the estimated acceleration. The second hypothesis is related to the diminishing sea-ice cover over the twentieth century. The melting of less saline and colder sea-ice can lead to changes in sea-level. Also, the melting of sea-ice can reduce the number of missing values in the tide-gauge records in winter, potentially influencing the estimated trends and acceleration of seasonal mean sea-level. This hypothesis cannot be ascertained either since the spatial pattern of acceleration computed for winter and summer separately are very similar. The all-station-average-record displays an almost statistically significant acceleration. The very recent decadal rates of sea-level rise are high in the context of the twentieth and twenty-first centuries, but they are not the highest rates observed over this period.},
author = {H{\"{u}}nicke, Birgit and Zorita, Eduardo},
doi = {10.3389/fmars.2016.00125},
file = {:C$\backslash$:/Users/stolte/OneDrive - Stichting Deltares/Documents/Information/Literatuur/INBOX/fmars-03-00125.pdf:pdf},
issn = {22967745},
journal = {Frontiers in Marine Science},
keywords = {Acceleration,Baltic-Sea,Glacial Isostatic Adjustment,North Sea,Sea-level,sealevel,zeespiegel},
mendeley-tags = {sealevel,zeespiegel},
number = {JUL},
pages = {1--11},
title = {{Statistical analysis of the acceleration of Baltic mean sea-level rise, 1900-2012}},
volume = {3},
year = {2016}
}
@techreport{Arcadis2011,
abstract = {De Europese Kaderrichtlijn Water (KRW) heeft als doel het op orde krijgen van de toestand van het watersysteem in Europa. Naast de biologische en chemische toestand is ook de hydromorfologie een toestand die ge�nventariseerd en gemonitord moet worden. Deze toestand wordt beschreven aan de hand van hydromorfologische parameters. De doelstelling van het project is om uit de verzameling brondata, die op dit moment beschikbaar zijn, de hydromorfologische parameters af te leiden en te beoordelen.},
author = {Arcadis},
file = {:C$\backslash$:/Users/stolte/AppData/Local/Mendeley Ltd./Mendeley Desktop/Downloaded/Arcadis - 2011 - Afleidingen hydromorfologie rijkswateren.pdf:pdf},
institution = {Rijkswaterstaat, Data ICT Dienst},
keywords = {Eastern Scheldt,Grevelingen,Oosterschelde,sealevel,veersemeer,zeespiegel},
mendeley-tags = {Eastern Scheldt,Grevelingen,Oosterschelde,sealevel,veersemeer,zeespiegel},
number = {december},
pages = {233},
title = {{Afleidingen hydromorfologie rijkswateren.}},
year = {2011}
}
@article{Yang2017a,
abstract = {Rising sea levels due to climate change are altering the hydrodynamic and solute transport conditions in estuarine regions worldwide. At the same time, anthropogenic projects such as land reclamation could change the potential effects of sea-level rise (SLR). In this study, Deep Bay in the Pearl River Estuary of China was used as a case study to investigate the combined effects of SLR and reclamation. A numerical model was applied to simulate the changes of hydrodynamic and solute transport with 0.0, 0.3, and 0.5 m of SLR in two groups of scenarios (i.e., before and after land reclamation). SLR alone substantially affected the hydrodynamics and strengthened the tidal influence. SLR resulted in a loss of intertidal regions and an increased tidal prism in the bay. Reclamation further magnified SLR's effects on both the hydrodynamics and solute transport. The tidal energy entering the bay during each tidal phase increased by 39.2{\%} and 66.4{\%} with 0.3 and 0.5 m of SLR (respectively) before reclamation, versus 40.7{\%} and 68.9{\%} (respectively) after reclamation. The reclamation projects in the bay helped the saline sea water to intrude further upstream, and magnified the effects of SLR on variations in seasonal salinity. SLR also decreased the bay's ability to exchange water. However, the reclamation accelerated the solute circulation inside the bay, considerably reduced the water age, and offset the SLR's effects on the bay's ability to exchange water with the adjacent sea. The increase in salinity variation due to the combined effects of SLR and reclamation might exert stress on the ecological system of the inner bay, which contains a Ramsar wetland.},
author = {Yang, Ye and Chui, Ting Fong May},
doi = {10.1016/j.ecoleng.2017.08.003},
file = {:C$\backslash$:/Users/stolte/AppData/Local/Mendeley Ltd./Mendeley Desktop/Downloaded/Yang, Chui - 2017 - Aquatic environmental changes and ecological implications from the combined effects of sea-level rise and land recla.pdf:pdf},
issn = {09258574},
journal = {Ecological Engineering},
keywords = {Deep Bay,Land reclamation,Pearl River Estuary,Sea-level rise,Semi-enclosed bay,sealevel,zeespiegel},
mendeley-tags = {sealevel,zeespiegel},
number = {August},
pages = {30--39},
publisher = {Elsevier},
title = {{Aquatic environmental changes and ecological implications from the combined effects of sea-level rise and land reclamation in Deep Bay, Pearl River Estuary, China}},
url = {http://dx.doi.org/10.1016/j.ecoleng.2017.08.003},
volume = {108},
year = {2017}
}
@article{Houston2021,
abstract = {Coastal sea-level acceleration is analyzed using all of the world's high-quality tide gauge recordings with lengths of at least 75 years that extend through 2017-19. Earlier studies have demonstrated that tide gauge recordings of at least 75 years in length are required to reduce the effects of multidecadal variations on acceleration. There are 149 tide gauge records that meet the criteria. Mean and median sea-level accelerations based on these gauges were 0.0128 ± 0.0064 mm/y2 and 0.0126 ± 0.0080 mm/y2, respectively, both at the statistically significant 95{\%} confidence level. The mean acceleration is larger than that of earlier studies that analyzed fewer gauges or considered record lengths shorter than 75 years.},
author = {Houston, J. R.},
doi = {10.2112/JCOASTRES-D-20-00101.1},
file = {:C$\backslash$:/Users/stolte/OneDrive - Stichting Deltares/Documents/Information/Literatuur/INBOX/i1551-5036-37-2-272 Copy.pdf:pdf},
issn = {15515036},
journal = {Journal of Coastal Research},
keywords = {Global sea-level rise,climate change,decadal variations,sealevel,tide gauges,zeespiegel},
mendeley-tags = {sealevel,zeespiegel},
number = {2},
pages = {272--279},
title = {{Sea-level acceleration: Analysis of the world's high-quality tide gauges}},
volume = {37},
year = {2021}
}
@article{Kirwan2013,
author = {Kirwan, Matthew L. and Megonigal, J. Patrick},
doi = {10.1038/nature12856},
file = {:C$\backslash$:/Users/stolte/AppData/Local/Mendeley Ltd./Mendeley Desktop/Downloaded/Kirwan, Megonigal - 2013 - Tidal wetland stability in the face of human impacts and sea-level rise.pdf:pdf},
issn = {0028-0836},
journal = {Nature},
keywords = {sealevel,zeespiegel},
mendeley-tags = {sealevel,zeespiegel},
month = {dec},
number = {7478},
pages = {53--60},
title = {{Tidal wetland stability in the face of human impacts and sea-level rise}},
url = {http://www.nature.com/doifinder/10.1038/nature12856},
volume = {504},
year = {2013}
}
@article{Nederland,
author = {Nederland, Van},
file = {:C$\backslash$:/Users/stolte/AppData/Local/Mendeley Ltd./Mendeley Desktop/Downloaded/Nederland - Unknown - Zee in beeld de kracht van innovatief Nederland !.pdf:pdf},
journal = {Transport},
keywords = {sealevel,zeespiegel},
mendeley-tags = {sealevel,zeespiegel},
title = {{Zee in beeld : de kracht van innovatief Nederland !}}
}
@article{Church2006,
abstract = {Multi-century sea-level records and climate models indicate an accleration of sea-level rise, but no 20th century acceleration has previously been detected. A reconstruction of global sea level using tide-gauge data from 1950 to 2000 indicates a larger rate of rise after 1993 and other periods of rapid sea-level rise but no significant acceleration over this period. Here, we extend the reconstruction of global mean sea level back to 1870 and find a sea-level rise from January 1870 to December 2004 of 195 mm, a 20th century rate of sea-level rise of 1.7 ± 0.3 mm yr-1 and a significant acceleration of sea-level rise of 0.013 ± 0.006 mm yr-2. This acceleration is an important confirmation of climate change simulations which show an acceleration not previously observed. If this acceleration remained constant then the 1990 to 2100 rise would range from 280 to 340 mm, consistent with projections in the IPCC TAR. Copyright 2006 by the American Geophysical Union.},
author = {Church, John A. and White, Neil J.},
doi = {10.1029/2005GL024826},
file = {:C$\backslash$:/Users/stolte/OneDrive - Stichting Deltares/Documents/Information/Literatuur/INBOX/2005GL024826.pdf:pdf},
issn = {00948276},
journal = {Geophysical Research Letters},
keywords = {doi:10.1029/2005GL024826,http://dx.doi.org/10.1029/2005GL024826,sealevel,zeespiegel},
mendeley-tags = {sealevel,zeespiegel},
number = {1},
pages = {94--97},
title = {{A 20th century acceleration in global sea-level rise}},
volume = {33},
year = {2006}
}
@article{Gerkema2017,
author = {Gerkema, Theo and Duran-matute, Matias},
file = {:C$\backslash$:/Users/stolte/OneDrive - Stichting Deltares/Documents/Information/Literatuur/INBOX/esd-8-1223-2017.pdf:pdf},
keywords = {sealevel,zeespiegel},
mendeley-tags = {sealevel,zeespiegel},
pages = {1223--1235},
title = {{Interannual variability of mean sea level and its sensitivity to wind climate in an inter-tidal basin}},
year = {2017}
}
@article{Gerkema2017b,
author = {Gerkema, Theo and Duran-matute, Matias},
doi = {10.5194/esd-2017-32},
file = {:C$\backslash$:/Users/stolte/OneDrive - Stichting Deltares/Documents/Information/Literatuur/INBOX/esd-2017-32.pdf:pdf},
keywords = {sealevel,zeespiegel},
mendeley-tags = {sealevel,zeespiegel},
number = {April},
pages = {1--20},
title = {{Inter-annual variability of mean sea level and its sensitivity to wind climate in an inter-tidal basin}},
year = {2017}
}
@techreport{Baart2014,
address = {Delft},
author = {Baart, F and {De Boer}, G J and {Den Heijer}, C and Hendriksen, G and Keppel, F and {Van Der Kolff}, GH and Pronk, M and Stolte, W},
file = {:C$\backslash$:/Users/stolte/AppData/Local/Mendeley Ltd./Mendeley Desktop/Downloaded/Baart et al. - 2014 - Pilot datamanagement mariene projecten.pdf:pdf},
institution = {Deltares},
keywords = {sealevel,zeespiegel},
mendeley-tags = {sealevel,zeespiegel},
pages = {101},
title = {{Pilot datamanagement mariene projecten}},
url = {http://publications.deltares.nl/1208604{\_}000.pdf},
year = {2014}
}
@article{Nerem2018,
abstract = {Using a 25-y time series of precision satellite altimeter data from TOPEX/Poseidon, Jason-1, Jason-2, and Jason-3, we estimate the climate-change–driven acceleration of global mean sea level over the last 25 y to be 0.084 ± 0.025 mm/y2. Coupled with the average climate-change–driven rate of sea level rise over these same 25 y of 2.9 mm/y, simple extrapolation of the quadratic implies global mean sea level could rise 65 ± 12 cm by 2100 compared with 2005, roughly in agreement with the Intergovernmental Panel on Climate Change (IPCC) 5th Assessment Report (AR5) model projections.},
author = {Nerem, R. S. and Beckley, B. D. and Fasullo, J. T. and Hamlington, B. D. and Masters, D. and Mitchum, G. T.},
doi = {10.1073/pnas.1717312115},
file = {:C$\backslash$:/Users/stolte/OneDrive - Stichting Deltares/Documents/Information/Literatuur/INBOX/2022.full.pdf:pdf},
issn = {10916490},
journal = {Proceedings of the National Academy of Sciences of the United States of America},
keywords = {Acceleration,Climate change,Satellite altimetry,Sea level,sealevel,zeespiegel},
mendeley-tags = {sealevel,zeespiegel},
number = {9},
pages = {2022--2025},
pmid = {29440401},
title = {{Climate-change–driven accelerated sea-level rise detected in the altimeter era}},
volume = {115},
year = {2018}
}
@article{Haigh2014,
abstract = {There is observational evidence that global sea level is rising and there is concern that the rate of rise will increase, significantly threatening coastal communities. However, considerable debate remains as to whether the rate of sea level rise is currently increasing and, if so, by how much. Here we provide new insights into sea level accelerations by applying the main methods that have been used previously to search for accelerations in historical data, to identify the timings (with uncertainties) at which accelerations might first be recognized in a statistically significant manner (if not apparent already) in sea level records that we have artificially extended to 2100. We find that the most important approach to earliest possible detection of a significant sea level acceleration lies in improved understanding (and subsequent removal) of interannual to multidecadal variability in sea level records. {\textcopyright} 2014 Macmillan Publishers Limited.},
author = {Haigh, Ivan D. and Wahl, Thomas and Rohling, Eelco J. and Price, Ren{\'{e}} M. and Pattiaratchi, Charitha B. and Calafat, Francisco M. and Dangendorf, S{\"{o}}nke},
doi = {10.1038/ncomms4635},
file = {:C$\backslash$:/Users/stolte/OneDrive - Stichting Deltares/Documents/Information/Literatuur/INBOX/ncomms4635.pdf:pdf},
issn = {20411723},
journal = {Nature Communications},
keywords = {sealevel,zeespiegel},
mendeley-tags = {sealevel,zeespiegel},
pages = {1--11},
title = {{Timescales for detecting a significant acceleration in sea level rise}},
volume = {5},
year = {2014}
}
