
@Manual{forecast,
  title = {forecast: Forecasting functions for time series},
  author = {Rob J Hyndman},
  year = {2009},
  note = {R package version 2.03},
  url = {http://CRAN.R-project.org/package=forecast},
}
@Manual{R,
  title = {R: A Language and Environment for Statistical Computing},
  author = {{R Development Core Team}},
  organization = {R Foundation for Statistical Computing},
  address = {Vienna, Austria},
  year = {2009},
  note = {{ISBN} 3-900051-07-0},
  url = {http://www.R-project.org},
}
@Manual{its,
  title = {its: Irregular Time Series},
  author = {Portfolio \& Risk Advisory Group and Commerzbank Securities},
  year = {2009},
  note = {R package version 1.1.8},
  url = {http://CRAN.R-project.org/package=its},
}
@Article{sp,
  author = {Edzer J. Pebesma and Roger S. Bivand},
  title = {Classes and methods for spatial data in {R}},
  journal = {R News},
  year = {2005},
  volume = {5},
  number = {2},
  pages = {9--13},
  month = {November},
  url = {http://CRAN.R-project.org/doc/Rnews/},
}
@Manual{ncdf,
  title = {ncdf: Interface to Unidata netCDF data files},
  author = {David Pierce},
  year = {2010},
  note = {R package version 1.7},
  url = {http://cirrus.ucsd.edu/~pierce/ncdf},
}
@Manual{oce,
  title = {oce: Analysis of Oceanographic data},
  author = {Dan Kelley},
  year = {2009},
  note = {R package version 0.1-80},
  url = {http://CRAN.R-project.org/package=oce},
}
